timestamp_utc,asset,price,volume
2026-03-11T11:30:39Z,SPY,677.18,80651435
2026-03-11T11:30:39Z,QQQ,607.77,63309130
2026-03-11T11:30:39Z,AAPL,260.83,26403306
2026-03-11T11:30:39Z,MSFT,405.76,31601780
2026-03-11T11:30:39Z,NVDA,184.77,178278679
2026-03-11T11:30:39Z,TSLA,399.24,59079142
2026-03-11T16:02:10Z,SPY,673.81,27194614
2026-03-11T16:02:10Z,QQQ,606.02,29984236
2026-03-11T16:02:10Z,AAPL,260.31,8086106
2026-03-11T16:02:10Z,MSFT,402.52,11361302
2026-03-11T16:02:10Z,NVDA,185.47,68569752
2026-03-11T16:02:10Z,TSLA,406.66,35704819
2026-03-11T16:30:11Z,SPY,674.83,30819468
2026-03-11T16:30:11Z,QQQ,607.07,33414901
2026-03-11T16:30:11Z,AAPL,260.73,8843159
2026-03-11T16:30:11Z,MSFT,403.25,12142558
2026-03-11T16:30:11Z,NVDA,185.6,74364814
2026-03-11T16:30:11Z,TSLA,407.52,38428021
2026-03-11T17:01:59Z,SPY,676.24,33678618
2026-03-11T17:01:59Z,QQQ,608.37,36500359
2026-03-11T17:01:59Z,AAPL,260.57,9671749
2026-03-11T17:01:59Z,MSFT,403.82,12945881
2026-03-11T17:01:59Z,NVDA,185.78,79874527
2026-03-11T17:01:59Z,TSLA,407.22,41404782
2026-03-11T17:30:11Z,SPY,676.49,36407999
2026-03-11T17:30:11Z,QQQ,608.31,39050565
2026-03-11T17:30:11Z,AAPL,261.03,10360532
2026-03-11T17:30:11Z,MSFT,404.25,13538141
2026-03-11T17:30:11Z,NVDA,185.61,84698749
2026-03-11T17:30:11Z,TSLA,408.24,43819597
2026-03-11T18:02:25Z,SPY,674.91,41703170
2026-03-11T18:02:25Z,QQQ,606.94,45061356
2026-03-11T18:02:25Z,AAPL,260.33,11483830
2026-03-11T18:02:25Z,MSFT,403.42,14560777
2026-03-11T18:02:25Z,NVDA,185.18,92659436
2026-03-11T18:02:25Z,TSLA,405.5,47246724
2026-03-11T18:30:10Z,SPY,675.42,45055585
2026-03-11T18:30:10Z,QQQ,607.05,48008627
2026-03-11T18:30:10Z,AAPL,260.19,12219109
2026-03-11T18:30:10Z,MSFT,403.76,15219188
2026-03-11T18:30:10Z,NVDA,185.2,97431921
2026-03-11T18:30:10Z,TSLA,405.65,49661417
2026-03-11T19:02:31Z,SPY,674.77,49343429
2026-03-11T19:02:31Z,QQQ,606.57,51146826
2026-03-11T19:02:31Z,AAPL,260.0,13083683
2026-03-11T19:02:31Z,MSFT,403.93,16030767
2026-03-11T19:02:31Z,NVDA,185.34,103473874
2026-03-11T19:02:31Z,TSLA,406.06,52086475
2026-03-11T19:30:11Z,SPY,675.11,53039461
2026-03-11T19:30:11Z,QQQ,606.69,53568101
2026-03-11T19:30:11Z,AAPL,260.19,13822162
2026-03-11T19:30:11Z,MSFT,403.92,16817925
2026-03-11T19:30:11Z,NVDA,185.34,108432739
2026-03-11T19:30:11Z,TSLA,406.38,54200102
2026-03-11T20:02:20Z,SPY,676.28,61344200
2026-03-11T20:02:20Z,QQQ,607.69,58315722
2026-03-11T20:02:20Z,AAPL,260.81,22642553
2026-03-11T20:02:20Z,MSFT,404.88,23328087
2026-03-11T20:02:20Z,NVDA,186.0,133722694
2026-03-11T20:02:20Z,TSLA,407.82,61215452
2026-03-11T20:30:09Z,SPY,676.33,63925545
2026-03-11T20:30:09Z,QQQ,607.69,58692761
2026-03-11T20:30:09Z,AAPL,260.81,22642553
2026-03-11T20:30:09Z,MSFT,404.88,25336434
2026-03-11T20:30:09Z,NVDA,186.03,138663908
2026-03-11T20:30:09Z,TSLA,407.82,61215452
2026-03-11T21:01:16Z,SPY,676.33,67291756
2026-03-11T21:01:16Z,QQQ,607.69,58692761
2026-03-11T21:01:16Z,AAPL,260.81,25826274
2026-03-11T21:01:16Z,MSFT,404.88,25374129
2026-03-11T21:01:16Z,NVDA,186.03,138663908
2026-03-11T21:01:16Z,TSLA,407.82,62101725
2026-03-11T21:30:09Z,SPY,676.33,67291756
2026-03-11T21:30:09Z,QQQ,607.69,58692761
2026-03-11T21:30:09Z,AAPL,260.81,25826274
2026-03-11T21:30:09Z,MSFT,404.88,25374129
2026-03-11T21:30:09Z,NVDA,186.03,138663908
2026-03-11T21:30:09Z,TSLA,407.82,62101725
2026-03-11T22:01:54Z,SPY,676.33,67291756
2026-03-11T22:01:54Z,QQQ,607.69,58692761
2026-03-11T22:01:54Z,AAPL,260.81,25826274
2026-03-11T22:01:54Z,MSFT,404.88,25374129
2026-03-11T22:01:54Z,NVDA,186.03,138663908
2026-03-11T22:01:54Z,TSLA,407.82,62101725
2026-03-11T22:30:13Z,SPY,676.33,67291756
2026-03-11T22:30:13Z,QQQ,607.69,58692761
2026-03-11T22:30:13Z,AAPL,260.81,25826274
2026-03-11T22:30:13Z,MSFT,404.88,25374129
2026-03-11T22:30:13Z,NVDA,186.03,138663908
2026-03-11T22:30:13Z,TSLA,407.82,62101725
2026-03-11T23:02:46Z,SPY,676.33,67291756
2026-03-11T23:02:46Z,QQQ,607.69,58692761
2026-03-11T23:02:46Z,AAPL,260.81,25826274
2026-03-11T23:02:46Z,MSFT,404.88,25374129
2026-03-11T23:02:46Z,NVDA,186.03,138663908
2026-03-11T23:02:46Z,TSLA,407.82,62101725
2026-03-11T23:30:20Z,SPY,676.33,67291756
2026-03-11T23:30:20Z,QQQ,607.69,58692761
2026-03-11T23:30:20Z,AAPL,260.81,25826274
2026-03-11T23:30:20Z,MSFT,404.88,25374129
2026-03-11T23:30:20Z,NVDA,186.03,138663908
2026-03-11T23:30:20Z,TSLA,407.82,62101725
2026-03-12T00:02:33Z,SPY,676.33,67291756
2026-03-12T00:02:33Z,QQQ,607.69,58692761
2026-03-12T00:02:33Z,AAPL,260.81,25826274
2026-03-12T00:02:33Z,MSFT,404.88,25374129
2026-03-12T00:02:33Z,NVDA,186.03,138663908
2026-03-12T00:02:33Z,TSLA,407.82,62101725
2026-03-12T00:30:06Z,SPY,676.33,67291756
2026-03-12T00:30:06Z,QQQ,607.69,58692761
2026-03-12T00:30:06Z,AAPL,260.81,25826274
2026-03-12T00:30:06Z,MSFT,404.88,25374129
2026-03-12T00:30:06Z,NVDA,186.03,138663908
2026-03-12T00:30:06Z,TSLA,407.82,62101725
2026-03-12T01:02:48Z,SPY,676.33,67291756
2026-03-12T01:02:48Z,QQQ,607.69,58692761
2026-03-12T01:02:48Z,AAPL,260.81,25826274
2026-03-12T01:02:48Z,MSFT,404.88,25374129
2026-03-12T01:02:48Z,NVDA,186.03,138663908
2026-03-12T01:02:48Z,TSLA,407.82,62101725
2026-03-12T01:30:10Z,SPY,676.33,67291756
2026-03-12T01:30:10Z,QQQ,607.69,58692761
2026-03-12T01:30:10Z,AAPL,260.81,25826274
2026-03-12T01:30:10Z,MSFT,404.88,25374129
2026-03-12T01:30:10Z,NVDA,186.03,138663908
2026-03-12T01:30:10Z,TSLA,407.82,62101725
2026-03-12T02:02:53Z,SPY,676.33,67291756
2026-03-12T02:02:53Z,QQQ,607.69,58692761
2026-03-12T02:02:53Z,AAPL,260.81,25826274
2026-03-12T02:02:53Z,MSFT,404.88,25374129
2026-03-12T02:02:53Z,NVDA,186.03,138663908
2026-03-12T02:02:53Z,TSLA,407.82,62101725
2026-03-12T02:30:09Z,SPY,676.33,67291756
2026-03-12T02:30:09Z,QQQ,607.69,58692761
2026-03-12T02:30:09Z,AAPL,260.81,25826274
2026-03-12T02:30:09Z,MSFT,404.88,25374129
2026-03-12T02:30:09Z,NVDA,186.03,138663908
2026-03-12T02:30:09Z,TSLA,407.82,62101725
2026-03-12T03:01:36Z,SPY,676.33,67291756
2026-03-12T03:01:36Z,QQQ,607.69,58692761
2026-03-12T03:01:36Z,AAPL,260.81,25826274
2026-03-12T03:01:36Z,MSFT,404.88,25374129
2026-03-12T03:01:36Z,NVDA,186.03,138663908
2026-03-12T03:01:36Z,TSLA,407.82,62101725
2026-03-12T03:30:10Z,SPY,676.33,67291756
2026-03-12T03:30:10Z,QQQ,607.69,58692761
2026-03-12T03:30:10Z,AAPL,260.81,25826274
2026-03-12T03:30:10Z,MSFT,404.88,25374129
2026-03-12T03:30:10Z,NVDA,186.03,138663908
2026-03-12T03:30:10Z,TSLA,407.82,62101725
2026-03-12T04:01:54Z,SPY,676.33,67291756
2026-03-12T04:01:54Z,QQQ,607.69,58692761
2026-03-12T04:01:54Z,AAPL,260.81,25826274
2026-03-12T04:01:54Z,MSFT,404.88,25374129
2026-03-12T04:01:54Z,NVDA,186.03,138663908
2026-03-12T04:01:54Z,TSLA,407.82,62101725
2026-03-12T04:30:10Z,SPY,676.33,67291756
2026-03-12T04:30:10Z,QQQ,607.69,58692761
2026-03-12T04:30:10Z,AAPL,260.81,25826274
2026-03-12T04:30:10Z,MSFT,404.88,25374129
2026-03-12T04:30:10Z,NVDA,186.03,138663908
2026-03-12T04:30:10Z,TSLA,407.82,62101725
2026-03-12T05:01:58Z,SPY,676.33,67291756
2026-03-12T05:01:58Z,QQQ,607.69,58692761
2026-03-12T05:01:58Z,AAPL,260.81,25826274
2026-03-12T05:01:58Z,MSFT,404.88,25374129
2026-03-12T05:01:58Z,NVDA,186.03,138663908
2026-03-12T05:01:58Z,TSLA,407.82,62101725
2026-03-12T05:30:08Z,SPY,676.33,67291756
2026-03-12T05:30:08Z,QQQ,607.69,58692761
2026-03-12T05:30:08Z,AAPL,260.81,25826274
2026-03-12T05:30:08Z,MSFT,404.88,25374129
2026-03-12T05:30:08Z,NVDA,186.03,138663908
2026-03-12T05:30:08Z,TSLA,407.82,62101725
2026-03-12T06:02:06Z,SPY,676.33,67291756
2026-03-12T06:02:06Z,QQQ,607.69,58692761
2026-03-12T06:02:06Z,AAPL,260.81,25826274
2026-03-12T06:02:06Z,MSFT,404.88,25374129
2026-03-12T06:02:06Z,NVDA,186.03,138663908
2026-03-12T06:02:06Z,TSLA,407.82,62101725
2026-03-12T06:30:11Z,SPY,676.33,67291756
2026-03-12T06:30:11Z,QQQ,607.69,58692761
2026-03-12T06:30:11Z,AAPL,260.81,25826274
2026-03-12T06:30:11Z,MSFT,404.88,25374129
2026-03-12T06:30:11Z,NVDA,186.03,138663908
2026-03-12T06:30:11Z,TSLA,407.82,62101725
2026-03-12T07:02:38Z,SPY,676.33,67291756
2026-03-12T07:02:38Z,QQQ,607.69,58692761
2026-03-12T07:02:38Z,AAPL,260.81,25826274
2026-03-12T07:02:38Z,MSFT,404.88,25374129
2026-03-12T07:02:38Z,NVDA,186.03,138663908
2026-03-12T07:02:38Z,TSLA,407.82,62101725
2026-03-12T07:30:13Z,SPY,676.33,67291756
2026-03-12T07:30:13Z,QQQ,607.69,58692761
2026-03-12T07:30:13Z,AAPL,260.81,25826274
2026-03-12T07:30:13Z,MSFT,404.88,25374129
2026-03-12T07:30:13Z,NVDA,186.03,138663908
2026-03-12T07:30:13Z,TSLA,407.82,62101725
2026-03-12T08:02:55Z,SPY,676.33,67291756
2026-03-12T08:02:55Z,QQQ,607.69,58692761
2026-03-12T08:02:55Z,AAPL,260.81,25826274
2026-03-12T08:02:55Z,MSFT,404.88,25374129
2026-03-12T08:02:55Z,NVDA,186.03,138663908
2026-03-12T08:02:55Z,TSLA,407.82,62101725
2026-03-12T08:30:35Z,SPY,676.33,67291756
2026-03-12T08:30:35Z,QQQ,607.69,58692761
2026-03-12T08:30:35Z,AAPL,260.81,25826274
2026-03-12T08:30:35Z,MSFT,404.88,25374129
2026-03-12T08:30:35Z,NVDA,186.03,138663908
2026-03-12T08:30:35Z,TSLA,407.82,62101725
2026-03-12T09:04:22Z,SPY,676.33,67291756
2026-03-12T09:04:22Z,QQQ,607.69,58692761
2026-03-12T09:04:22Z,AAPL,260.81,25826274
2026-03-12T09:04:22Z,MSFT,404.88,25374129
2026-03-12T09:04:22Z,NVDA,186.03,138663908
2026-03-12T09:04:22Z,TSLA,407.82,62101725
2026-03-12T09:30:11Z,SPY,676.33,67291756
2026-03-12T09:30:11Z,QQQ,607.69,58692761
2026-03-12T09:30:11Z,AAPL,260.81,25826274
2026-03-12T09:30:11Z,MSFT,404.88,25374129
2026-03-12T09:30:11Z,NVDA,186.03,138663908
2026-03-12T09:30:11Z,TSLA,407.82,62101725
2026-03-12T10:01:26Z,SPY,676.33,67291756
2026-03-12T10:01:26Z,QQQ,607.69,58692761
2026-03-12T10:01:26Z,AAPL,260.81,25826274
2026-03-12T10:01:26Z,MSFT,404.88,25374129
2026-03-12T10:01:26Z,NVDA,186.03,138663908
2026-03-12T10:01:26Z,TSLA,407.82,62101725
2026-03-12T10:30:11Z,SPY,676.33,67291756
2026-03-12T10:30:11Z,QQQ,607.69,58692761
2026-03-12T10:30:11Z,AAPL,260.81,25826274
2026-03-12T10:30:11Z,MSFT,404.88,25374129
2026-03-12T10:30:11Z,NVDA,186.03,138663908
2026-03-12T10:30:11Z,TSLA,407.82,62101725
2026-03-12T11:02:01Z,SPY,676.33,67291756
2026-03-12T11:02:01Z,QQQ,607.69,58692761
2026-03-12T11:02:01Z,AAPL,260.81,25826274
2026-03-12T11:02:01Z,MSFT,404.88,25374129
2026-03-12T11:02:01Z,NVDA,186.03,138663908
2026-03-12T11:02:01Z,TSLA,407.82,62101725
2026-03-12T11:30:13Z,SPY,676.33,67291756
2026-03-12T11:30:13Z,QQQ,607.69,58692761
2026-03-12T11:30:13Z,AAPL,260.81,25826274
2026-03-12T11:30:13Z,MSFT,404.88,25374129
2026-03-12T11:30:13Z,NVDA,186.03,138663908
2026-03-12T11:30:13Z,TSLA,407.82,62101725
2026-03-12T12:02:25Z,SPY,676.33,67291756
2026-03-12T12:02:25Z,QQQ,607.69,58692761
2026-03-12T12:02:25Z,AAPL,260.81,25826274
2026-03-12T12:02:25Z,MSFT,404.88,25374129
2026-03-12T12:02:25Z,NVDA,186.03,138663908
2026-03-12T12:02:25Z,TSLA,407.82,62101725
2026-03-12T12:31:33Z,SPY,676.33,67291756
2026-03-12T12:31:33Z,QQQ,607.69,58692761
2026-03-12T12:31:33Z,AAPL,260.81,25826274
2026-03-12T12:31:33Z,MSFT,404.88,25374129
2026-03-12T12:31:33Z,NVDA,186.03,138663908
2026-03-12T12:31:33Z,TSLA,407.82,62101725
2026-03-12T13:02:36Z,SPY,676.33,67291756
2026-03-12T13:02:36Z,QQQ,607.69,58692761
2026-03-12T13:02:36Z,AAPL,260.81,25826274
2026-03-12T13:02:36Z,MSFT,404.88,25374129
2026-03-12T13:02:36Z,NVDA,186.03,138663908
2026-03-12T13:02:36Z,TSLA,407.82,62101725
2026-03-12T13:30:12Z,SPY,670.93,2329944
2026-03-12T13:30:12Z,QQQ,602.73,1872791
2026-03-12T13:30:12Z,AAPL,258.51,345028
2026-03-12T13:30:12Z,MSFT,404.24,1024333
2026-03-12T13:30:12Z,NVDA,183.85,3855923
2026-03-12T13:30:12Z,TSLA,405.02,1011507
2026-03-12T14:02:31Z,SPY,670.3,14258579
2026-03-12T14:02:31Z,QQQ,601.44,11795397
2026-03-12T14:02:31Z,AAPL,255.73,4939683
2026-03-12T14:02:31Z,MSFT,403.46,3375636
2026-03-12T14:02:31Z,NVDA,182.95,26296970
2026-03-12T14:02:31Z,TSLA,401.19,8931605
2026-03-12T14:30:10Z,SPY,668.01,20547512
2026-03-12T14:30:10Z,QQQ,598.86,17733826
2026-03-12T14:30:10Z,AAPL,254.6,7284200
2026-03-12T14:30:10Z,MSFT,403.52,4891304
2026-03-12T14:30:10Z,NVDA,182.07,36755666
2026-03-12T14:30:10Z,TSLA,399.45,14215268
2026-03-12T15:02:27Z,SPY,667.93,28814174
2026-03-12T15:02:27Z,QQQ,598.45,24947070
2026-03-12T15:02:27Z,AAPL,254.64,9520672
2026-03-12T15:02:27Z,MSFT,404.72,6645113
2026-03-12T15:02:27Z,NVDA,182.14,49395691
2026-03-12T15:02:27Z,TSLA,395.75,22003777
2026-03-12T15:30:18Z,SPY,668.03,34162240
2026-03-12T15:30:18Z,QQQ,598.84,29205117
2026-03-12T15:30:18Z,AAPL,255.17,11235144
2026-03-12T15:30:18Z,MSFT,403.66,8132185
2026-03-12T15:30:18Z,NVDA,182.91,57893228
2026-03-12T15:30:18Z,TSLA,396.87,26056869
2026-03-12T16:02:49Z,SPY,669.1,42529190
2026-03-12T16:02:49Z,QQQ,599.83,35750262
2026-03-12T16:02:49Z,AAPL,255.01,13221318
2026-03-12T16:02:49Z,MSFT,403.43,9180104
2026-03-12T16:02:49Z,NVDA,184.25,69878059
2026-03-12T16:02:49Z,TSLA,398.28,30359975
2026-03-12T16:30:15Z,SPY,668.7,49044914
2026-03-12T16:30:15Z,QQQ,599.42,40727093
2026-03-12T16:30:15Z,AAPL,255.62,14923643
2026-03-12T16:30:15Z,MSFT,404.91,10712711
2026-03-12T16:30:15Z,NVDA,184.3,79456720
2026-03-12T16:30:15Z,TSLA,398.76,33841614
2026-03-12T17:05:06Z,SPY,669.72,54089032
2026-03-12T17:05:06Z,QQQ,600.85,45119678
2026-03-12T17:05:06Z,AAPL,255.53,16838719
2026-03-12T17:05:06Z,MSFT,405.85,12397488
2026-03-12T17:05:06Z,NVDA,184.45,88065715
2026-03-12T17:05:06Z,TSLA,400.5,37544336
2026-03-12T17:30:09Z,SPY,668.69,57572619
2026-03-12T17:30:09Z,QQQ,599.88,47692186
2026-03-12T17:30:09Z,AAPL,255.07,18014924
2026-03-12T17:30:09Z,MSFT,404.45,13658740
2026-03-12T17:30:09Z,NVDA,183.8,93356635
2026-03-12T17:30:09Z,TSLA,399.97,39877516
2026-03-12T18:01:37Z,SPY,668.5,63212944
2026-03-12T18:01:37Z,QQQ,599.42,50800518
2026-03-12T18:01:37Z,AAPL,255.33,19316453
2026-03-12T18:01:37Z,MSFT,403.94,14558871
2026-03-12T18:01:37Z,NVDA,183.71,100079199
2026-03-12T18:01:37Z,TSLA,397.32,43426112
2026-03-12T18:30:08Z,SPY,668.07,67411249
2026-03-12T18:30:08Z,QQQ,599.25,53622751
2026-03-12T18:30:08Z,AAPL,255.35,20762751
2026-03-12T18:30:08Z,MSFT,403.02,15449417
2026-03-12T18:30:08Z,NVDA,183.51,106069007
2026-03-12T18:30:08Z,TSLA,397.75,45903348
2026-03-12T19:02:02Z,SPY,667.25,73757718
2026-03-12T19:02:02Z,QQQ,598.35,56728116
2026-03-12T19:02:02Z,AAPL,255.26,21982378
2026-03-12T19:02:02Z,MSFT,403.37,16497226
2026-03-12T19:02:02Z,NVDA,183.13,112459084
2026-03-12T19:02:02Z,TSLA,397.05,48332501
2026-03-12T19:30:15Z,SPY,668.2,80469902
2026-03-12T19:30:15Z,QQQ,599.05,60463930
2026-03-12T19:30:15Z,AAPL,256.19,23941949
2026-03-12T19:30:15Z,MSFT,403.95,17639406
2026-03-12T19:30:15Z,NVDA,183.56,120148995
2026-03-12T19:30:15Z,TSLA,397.87,51489082
2026-03-12T20:02:23Z,SPY,666.04,94303748
2026-03-12T20:02:23Z,QQQ,597.26,68908441
2026-03-12T20:02:23Z,AAPL,255.76,35757653
2026-03-12T20:02:23Z,MSFT,401.9,24552231
2026-03-12T20:02:23Z,NVDA,183.16,148152353
2026-03-12T20:02:23Z,TSLA,395.01,59382702
2026-03-12T20:30:10Z,SPY,666.06,99333659
2026-03-12T20:30:10Z,QQQ,597.26,70794653
2026-03-12T20:30:10Z,AAPL,255.76,40132517
2026-03-12T20:30:10Z,MSFT,401.86,26767393
2026-03-12T20:30:10Z,NVDA,183.14,153887196
2026-03-12T20:30:10Z,TSLA,395.01,59382702
2026-03-12T21:02:21Z,SPY,666.06,107906562
2026-03-12T21:02:21Z,QQQ,597.26,71249603
2026-03-12T21:02:21Z,AAPL,255.76,40132517
2026-03-12T21:02:21Z,MSFT,401.86,26767393
2026-03-12T21:02:21Z,NVDA,183.14,153887196
2026-03-12T21:02:21Z,TSLA,395.01,59382702
2026-03-12T21:30:12Z,SPY,666.06,107906562
2026-03-12T21:30:12Z,QQQ,597.26,71249603
2026-03-12T21:30:12Z,AAPL,255.76,40132517
2026-03-12T21:30:12Z,MSFT,401.86,26767393
2026-03-12T21:30:12Z,NVDA,183.14,153887196
2026-03-12T21:30:12Z,TSLA,395.01,59382702
2026-03-12T22:03:04Z,SPY,666.06,107906562
2026-03-12T22:03:04Z,QQQ,597.26,71249603
2026-03-12T22:03:04Z,AAPL,255.76,40132517
2026-03-12T22:03:04Z,MSFT,401.86,26767393
2026-03-12T22:03:04Z,NVDA,183.14,153887196
2026-03-12T22:03:04Z,TSLA,395.01,59382702
2026-03-12T22:30:08Z,SPY,666.06,107906562
2026-03-12T22:30:08Z,QQQ,597.26,71249603
2026-03-12T22:30:08Z,AAPL,255.76,40132517
2026-03-12T22:30:08Z,MSFT,401.86,26767393
2026-03-12T22:30:08Z,NVDA,183.14,153887196
2026-03-12T22:30:08Z,TSLA,395.01,59382702
2026-03-12T23:02:46Z,SPY,666.06,107906562
2026-03-12T23:02:46Z,QQQ,597.26,71249603
2026-03-12T23:02:46Z,AAPL,255.76,40132517
2026-03-12T23:02:46Z,MSFT,401.86,26767393
2026-03-12T23:02:46Z,NVDA,183.14,153887196
2026-03-12T23:02:46Z,TSLA,395.01,59382702
2026-03-12T23:30:20Z,SPY,666.06,107906562
2026-03-12T23:30:20Z,QQQ,597.26,71249603
2026-03-12T23:30:20Z,AAPL,255.76,40132517
2026-03-12T23:30:20Z,MSFT,401.86,26767393
2026-03-12T23:30:20Z,NVDA,183.14,153887196
2026-03-12T23:30:20Z,TSLA,395.01,59382702
2026-03-13T00:01:32Z,SPY,666.06,107906562
2026-03-13T00:01:32Z,QQQ,597.26,71249603
2026-03-13T00:01:32Z,AAPL,255.76,40132517
2026-03-13T00:01:32Z,MSFT,401.86,26767393
2026-03-13T00:01:32Z,NVDA,183.14,153887196
2026-03-13T00:01:32Z,TSLA,395.01,59382702
2026-03-13T01:03:11Z,SPY,666.06,107906562
2026-03-13T01:03:11Z,QQQ,597.26,71249603
2026-03-13T01:03:11Z,AAPL,255.76,40132517
2026-03-13T01:03:11Z,MSFT,401.86,26767393
2026-03-13T01:03:11Z,NVDA,183.14,153887196
2026-03-13T01:03:11Z,TSLA,395.01,59382702
2026-03-13T01:30:16Z,SPY,666.06,107906562
2026-03-13T01:30:16Z,QQQ,597.26,71249603
2026-03-13T01:30:16Z,AAPL,255.76,40132517
2026-03-13T01:30:16Z,MSFT,401.86,26767393
2026-03-13T01:30:16Z,NVDA,183.14,153887196
2026-03-13T01:30:16Z,TSLA,395.01,59382702
2026-03-13T02:01:33Z,SPY,666.06,107906562
2026-03-13T02:01:33Z,QQQ,597.26,71249603
2026-03-13T02:01:33Z,AAPL,255.76,40132517
2026-03-13T02:01:33Z,MSFT,401.86,26767393
2026-03-13T02:01:33Z,NVDA,183.14,153887196
2026-03-13T02:01:33Z,TSLA,395.01,59382702
2026-03-13T02:30:13Z,SPY,666.06,107906562
2026-03-13T02:30:13Z,QQQ,597.26,71249603
2026-03-13T02:30:13Z,AAPL,255.76,40132517
2026-03-13T02:30:13Z,MSFT,401.86,26767393
2026-03-13T02:30:13Z,NVDA,183.14,153887196
2026-03-13T02:30:13Z,TSLA,395.01,59382702
2026-03-13T03:01:42Z,SPY,666.06,107906562
2026-03-13T03:01:42Z,QQQ,597.26,71249603
2026-03-13T03:01:42Z,AAPL,255.76,40132517
2026-03-13T03:01:42Z,MSFT,401.86,26767393
2026-03-13T03:01:42Z,NVDA,183.14,153887196
2026-03-13T03:01:42Z,TSLA,395.01,59382702
2026-03-13T03:30:09Z,SPY,666.06,107906562
2026-03-13T03:30:09Z,QQQ,597.26,71249603
2026-03-13T03:30:09Z,AAPL,255.76,40132517
2026-03-13T03:30:09Z,MSFT,401.86,26767393
2026-03-13T03:30:09Z,NVDA,183.14,153887196
2026-03-13T03:30:09Z,TSLA,395.01,59382702
2026-03-13T04:30:18Z,SPY,666.06,107906562
2026-03-13T04:30:18Z,QQQ,597.26,71249603
2026-03-13T04:30:18Z,AAPL,255.76,40132517
2026-03-13T04:30:18Z,MSFT,401.86,26767393
2026-03-13T04:30:18Z,NVDA,183.14,153887196
2026-03-13T04:30:18Z,TSLA,395.01,59382702
2026-03-13T05:02:10Z,SPY,666.06,107906562
2026-03-13T05:02:10Z,QQQ,597.26,71249603
2026-03-13T05:02:10Z,AAPL,255.76,40132517
2026-03-13T05:02:10Z,MSFT,401.86,26767393
2026-03-13T05:02:10Z,NVDA,183.14,153887196
2026-03-13T05:02:10Z,TSLA,395.01,59382702
2026-03-13T05:30:10Z,SPY,666.06,107906562
2026-03-13T05:30:10Z,QQQ,597.26,71249603
2026-03-13T05:30:10Z,AAPL,255.76,40132517
2026-03-13T05:30:10Z,MSFT,401.86,26767393
2026-03-13T05:30:10Z,NVDA,183.14,153887196
2026-03-13T05:30:10Z,TSLA,395.01,59382702
2026-03-13T06:03:54Z,QQQ,597.26,71249603
2026-03-13T06:03:54Z,AAPL,255.76,40132517
2026-03-13T06:03:54Z,MSFT,401.86,26767393
2026-03-13T06:03:54Z,NVDA,183.14,153887196
2026-03-13T06:03:54Z,TSLA,395.01,59382702
2026-03-13T06:30:12Z,SPY,666.06,107906562
2026-03-13T06:30:12Z,QQQ,597.26,71249603
2026-03-13T06:30:12Z,AAPL,255.76,40132517
2026-03-13T06:30:12Z,MSFT,401.86,26767393
2026-03-13T06:30:12Z,NVDA,183.14,153887196
2026-03-13T06:30:12Z,TSLA,395.01,59382702
2026-03-13T07:02:03Z,SPY,666.06,107906562
2026-03-13T07:02:03Z,QQQ,597.26,71249603
2026-03-13T07:02:03Z,AAPL,255.76,40132517
2026-03-13T07:02:03Z,MSFT,401.86,26767393
2026-03-13T07:02:03Z,NVDA,183.14,153887196
2026-03-13T07:02:03Z,TSLA,395.01,59382702
2026-03-13T07:30:14Z,SPY,666.06,107906562
2026-03-13T07:30:14Z,QQQ,597.26,71249603
2026-03-13T07:30:14Z,AAPL,255.76,40132517
2026-03-13T07:30:14Z,MSFT,401.86,26767393
2026-03-13T07:30:14Z,NVDA,183.14,153887196
2026-03-13T07:30:14Z,TSLA,395.01,59382702
2026-03-13T08:30:11Z,SPY,666.06,107906562
2026-03-13T08:30:11Z,QQQ,597.26,71249603
2026-03-13T08:30:11Z,AAPL,255.76,40132517
2026-03-13T08:30:11Z,MSFT,401.86,26767393
2026-03-13T08:30:11Z,NVDA,183.14,153887196
2026-03-13T08:30:11Z,TSLA,395.01,59382702
2026-03-13T09:02:16Z,SPY,666.06,107906562
2026-03-13T09:02:16Z,QQQ,597.26,71249603
2026-03-13T09:02:16Z,AAPL,255.76,40132517
2026-03-13T09:02:16Z,MSFT,401.86,26767393
2026-03-13T09:02:16Z,NVDA,183.14,153887196
2026-03-13T09:02:16Z,TSLA,395.01,59382702
2026-03-13T09:30:10Z,SPY,666.06,107906562
2026-03-13T09:30:10Z,QQQ,597.26,71249603
2026-03-13T09:30:10Z,AAPL,255.76,40132517
2026-03-13T09:30:10Z,MSFT,401.86,26767393
2026-03-13T09:30:10Z,NVDA,183.14,153887196
2026-03-13T09:30:10Z,TSLA,395.01,59382702
2026-03-13T10:30:13Z,SPY,666.06,107906562
2026-03-13T10:30:13Z,QQQ,597.26,71249603
2026-03-13T10:30:13Z,AAPL,255.76,40132517
2026-03-13T10:30:13Z,MSFT,401.86,26767393
2026-03-13T10:30:13Z,NVDA,183.14,153887196
2026-03-13T10:30:13Z,TSLA,395.01,59382702
2026-03-13T11:03:03Z,SPY,666.06,107906562
2026-03-13T11:03:03Z,QQQ,597.26,71249603
2026-03-13T11:03:03Z,AAPL,255.76,40132517
2026-03-13T11:03:03Z,MSFT,401.86,26767393
2026-03-13T11:03:03Z,NVDA,183.14,153887196
2026-03-13T11:03:03Z,TSLA,395.01,59382702
2026-03-13T11:30:08Z,SPY,666.06,107906562
2026-03-13T11:30:08Z,QQQ,597.26,71249603
2026-03-13T11:30:08Z,AAPL,255.76,40132517
2026-03-13T11:30:08Z,MSFT,401.86,26767393
2026-03-13T11:30:08Z,NVDA,183.14,153887196
2026-03-13T11:30:08Z,TSLA,395.01,59382702
2026-03-13T12:03:05Z,SPY,666.06,107906562
2026-03-13T12:03:05Z,QQQ,597.26,71249603
2026-03-13T12:03:05Z,AAPL,255.76,40132517
2026-03-13T12:03:05Z,MSFT,401.86,26767393
2026-03-13T12:03:05Z,NVDA,183.14,153887196
2026-03-13T12:03:05Z,TSLA,395.01,59382702
2026-03-13T12:31:14Z,SPY,666.06,107906562
2026-03-13T12:31:14Z,QQQ,597.26,71249603
2026-03-13T12:31:14Z,AAPL,255.76,40132517
2026-03-13T12:31:14Z,MSFT,401.86,26767393
2026-03-13T12:31:14Z,NVDA,183.14,153887196
2026-03-13T12:31:14Z,TSLA,395.01,59382702
2026-03-13T13:00:59Z,SPY,666.06,107906562
2026-03-13T13:00:59Z,QQQ,597.26,71249603
2026-03-13T13:00:59Z,AAPL,255.76,40132517
2026-03-13T13:00:59Z,MSFT,401.86,26767393
2026-03-13T13:00:59Z,NVDA,183.14,153887196
2026-03-13T13:00:59Z,TSLA,395.01,59382702
2026-03-13T13:30:11Z,SPY,669.42,2606402
2026-03-13T13:30:11Z,QQQ,599.74,2823068
2026-03-13T13:30:11Z,AAPL,255.4,253461
2026-03-13T13:30:11Z,MSFT,400.74,332078
2026-03-13T13:30:11Z,NVDA,184.88,4171584
2026-03-13T13:30:11Z,TSLA,398.77,1402277
2026-03-13T14:01:15Z,SPY,670.79,12377018
2026-03-13T14:01:15Z,QQQ,602.09,10587837
2026-03-13T14:01:15Z,AAPL,255.61,3417260
2026-03-13T14:01:15Z,MSFT,401.43,3486265
2026-03-13T14:01:15Z,NVDA,184.93,25924438
2026-03-13T14:01:15Z,TSLA,398.82,8917575
2026-03-13T14:30:08Z,SPY,669.11,18259139
2026-03-13T14:30:08Z,QQQ,600.71,15235779
2026-03-13T14:30:08Z,AAPL,255.5,5460823
2026-03-13T14:30:08Z,MSFT,401.17,5474360
2026-03-13T14:30:08Z,NVDA,183.91,38861534
2026-03-13T14:30:08Z,TSLA,396.14,13831969
2026-03-13T15:01:06Z,SPY,664.96,25663270
2026-03-13T15:01:06Z,QQQ,595.61,21236299
2026-03-13T15:01:06Z,AAPL,253.82,7284028
2026-03-13T15:01:06Z,MSFT,398.5,7146611
2026-03-13T15:01:06Z,NVDA,181.97,54310994
2026-03-13T15:01:06Z,TSLA,392.44,19559861
2026-03-13T15:30:09Z,SPY,664.71,32072108
2026-03-13T15:30:09Z,QQQ,595.58,25354648
2026-03-13T15:30:09Z,AAPL,253.35,8739291
2026-03-13T15:30:09Z,MSFT,397.92,8583897
2026-03-13T15:30:09Z,NVDA,181.94,66145091
2026-03-13T15:30:09Z,TSLA,394.19,24082406
2026-03-13T16:01:38Z,SPY,663.84,38859222
2026-03-13T16:01:38Z,QQQ,594.56,30873903
2026-03-13T16:01:38Z,AAPL,252.57,10964336
2026-03-13T16:01:38Z,MSFT,395.64,10538373
2026-03-13T16:01:38Z,NVDA,181.26,78695758
2026-03-13T16:01:38Z,TSLA,393.79,28004388
2026-03-13T16:30:11Z,SPY,664.38,42979860
2026-03-13T16:30:11Z,QQQ,594.86,33634625
2026-03-13T16:30:11Z,AAPL,252.65,12136416
2026-03-13T16:30:11Z,MSFT,396.57,11568767
2026-03-13T16:30:11Z,NVDA,181.1,87301977
2026-03-13T16:30:11Z,TSLA,395.03,30967703
2026-03-13T17:01:12Z,SPY,663.59,48179148
2026-03-13T17:01:12Z,QQQ,593.9,37142962
2026-03-13T17:01:12Z,AAPL,251.56,14212157
2026-03-13T17:01:12Z,MSFT,395.23,13192454
2026-03-13T17:01:12Z,NVDA,181.08,96259507
2026-03-13T17:01:12Z,TSLA,394.19,34657039
2026-03-13T17:30:07Z,SPY,664.5,51717052
2026-03-13T17:30:07Z,QQQ,595.11,40117083
2026-03-13T17:30:07Z,AAPL,251.27,16481952
2026-03-13T17:30:07Z,MSFT,396.67,14293117
2026-03-13T17:30:07Z,NVDA,181.59,101601618
2026-03-13T17:30:07Z,TSLA,395.14,37661506
2026-03-13T18:10:38Z,SPY,663.19,58708451
2026-03-13T18:10:38Z,QQQ,593.66,45123564
2026-03-13T18:10:38Z,AAPL,251.01,18250727
2026-03-13T18:10:38Z,MSFT,396.93,16066956
2026-03-13T18:10:38Z,NVDA,180.38,111204838
2026-03-13T18:10:38Z,TSLA,392.61,41380985
2026-03-13T19:02:39Z,SPY,663.87,65134135
2026-03-13T19:02:39Z,QQQ,594.52,50630009
2026-03-13T19:02:39Z,AAPL,250.87,20313208
2026-03-13T19:02:39Z,MSFT,395.43,17832747
2026-03-13T19:02:39Z,NVDA,180.82,123368877
2026-03-13T19:02:39Z,TSLA,392.42,46217371
2026-03-13T19:30:09Z,SPY,662.58,70709665
2026-03-13T19:30:09Z,QQQ,593.36,53995951
2026-03-13T19:30:09Z,AAPL,250.31,22277498
2026-03-13T19:30:09Z,MSFT,394.83,19218884
2026-03-13T19:30:09Z,NVDA,180.63,130485721
2026-03-13T19:30:09Z,TSLA,391.03,50159592
2026-03-13T20:02:35Z,SPY,662.36,83073510
2026-03-13T20:02:35Z,QQQ,593.72,61125733
2026-03-13T20:02:35Z,AAPL,250.12,34193754
2026-03-13T20:02:35Z,MSFT,395.55,25552385
2026-03-13T20:02:35Z,NVDA,180.25,156420571
2026-03-13T20:02:35Z,TSLA,391.2,57370326
2026-03-13T20:30:10Z,SPY,662.29,83073510
2026-03-13T20:30:10Z,QQQ,593.72,62259655
2026-03-13T20:30:10Z,AAPL,250.12,34193754
2026-03-13T20:30:10Z,MSFT,395.55,26350249
2026-03-13T20:30:10Z,NVDA,180.25,156420571
2026-03-13T20:30:10Z,TSLA,391.2,57370326
2026-03-13T21:30:10Z,SPY,662.29,83073510
2026-03-13T21:30:10Z,QQQ,593.72,62259655
2026-03-13T21:30:10Z,AAPL,250.12,34193754
2026-03-13T21:30:10Z,MSFT,395.55,26350249
2026-03-13T21:30:10Z,NVDA,180.25,156420571
2026-03-13T21:30:10Z,TSLA,391.2,57370326
2026-03-13T22:02:56Z,SPY,662.29,83073510
2026-03-13T22:02:56Z,QQQ,593.72,62259655
2026-03-13T22:02:56Z,AAPL,250.12,34193754
2026-03-13T22:02:56Z,MSFT,395.55,26350249
2026-03-13T22:02:56Z,NVDA,180.25,156420571
2026-03-13T22:02:56Z,TSLA,391.2,57370326
2026-03-13T22:30:11Z,SPY,662.29,83073510
2026-03-13T22:30:11Z,QQQ,593.72,62259655
2026-03-13T22:30:11Z,AAPL,250.12,34193754
2026-03-13T22:30:11Z,MSFT,395.55,26350249
2026-03-13T22:30:11Z,NVDA,180.25,156420571
2026-03-13T22:30:11Z,TSLA,391.2,57370326
2026-03-13T23:05:20Z,SPY,662.29,83073510
2026-03-13T23:05:20Z,QQQ,593.72,62259655
2026-03-13T23:05:20Z,AAPL,250.12,34193754
2026-03-13T23:05:20Z,MSFT,395.55,26350249
2026-03-13T23:05:20Z,NVDA,180.25,156420571
2026-03-13T23:05:20Z,TSLA,391.2,57370326
2026-03-13T23:30:08Z,SPY,662.29,83073510
2026-03-13T23:30:08Z,QQQ,593.72,62259655
2026-03-13T23:30:08Z,AAPL,250.12,34193754
2026-03-13T23:30:08Z,MSFT,395.55,26350249
2026-03-13T23:30:08Z,NVDA,180.25,156420571
2026-03-13T23:30:08Z,TSLA,391.2,57370326
